{
  "symbol": "IBM",
  "annualReports": [
      {
          "fiscalDateEnding": "2021-12-31",
          "reportedCurrency": "USD",
          "grossProfit": "31486000000",
          "totalRevenue": "57350000000",
          "costOfRevenue": "25865000000",
          "costofGoodsAndServicesSold": "300000000",
          "operatingIncome": "4786000000",
          "sellingGeneralAndAdministrative": "18745000000",
          "researchAndDevelopment": "6488000000",
          "operatingExpenses": "26700000000",
          "investmentIncomeNet": "None",
          "netInterestIncome": "-1155000000",
          "interestIncome": "52000000",
          "interestExpense": "1155000000",
          "nonInterestIncome": "None",
          "otherNonOperatingIncome": "-873000000",
          "depreciation": "None",
          "depreciationAndAmortization": "2529000000",
          "incomeBeforeTax": "5867000000",
          "incomeTaxExpense": "124000000",
          "interestAndDebtExpense": "1155000000",
          "netIncomeFromContinuingOperations": "4712000000",
          "comprehensiveIncomeNetOfTax": "11299000000",
          "ebit": "7022000000",
          "ebitda": "9551000000",
          "netIncome": "5743000000"
      },
      {
          "fiscalDateEnding": "2020-12-31",
          "reportedCurrency": "USD",
          "grossProfit": "30865000000",
          "totalRevenue": "55179000000",
          "costOfRevenue": "24314000000",
          "costofGoodsAndServicesSold": "439000000",
          "operatingIncome": "4609000000",
          "sellingGeneralAndAdministrative": "20561000000",
          "researchAndDevelopment": "6262000000",
          "operatingExpenses": "30966000000",
          "investmentIncomeNet": "None",
          "netInterestIncome": "-1288000000",
          "interestIncome": "105000000",
          "interestExpense": "1288000000",
          "nonInterestIncome": "None",
          "otherNonOperatingIncome": "-861000000",
          "depreciation": "4227000000",
          "depreciationAndAmortization": "2468000000",
          "incomeBeforeTax": "4726000000",
          "incomeTaxExpense": "-1360000000",
          "interestAndDebtExpense": "1288000000",
          "netIncomeFromContinuingOperations": "3932000000",
          "comprehensiveIncomeNetOfTax": "4850000000",
          "ebit": "6014000000",
          "ebitda": "8482000000",
          "netIncome": "5590000000"
      },
      {
          "fiscalDateEnding": "2019-12-31",
          "reportedCurrency": "USD",
          "grossProfit": "36488000000",
          "totalRevenue": "77147000000",
          "costOfRevenue": "40659000000",
          "costofGoodsAndServicesSold": "591000000",
          "operatingIncome": "9004000000",
          "sellingGeneralAndAdministrative": "20604000000",
          "researchAndDevelopment": "5989000000",
          "operatingExpenses": "27484000000",
          "investmentIncomeNet": "None",
          "netInterestIncome": "-1344000000",
          "interestIncome": "349000000",
          "interestExpense": "1344000000",
          "nonInterestIncome": "None",
          "otherNonOperatingIncome": "968000000",
          "depreciation": "4209000000",
          "depreciationAndAmortization": "1850000000",
          "incomeBeforeTax": "10162000000",
          "incomeTaxExpense": "731000000",
          "interestAndDebtExpense": "1344000000",
          "netIncomeFromContinuingOperations": "9435000000",
          "comprehensiveIncomeNetOfTax": "10324000000",
          "ebit": "11506000000",
          "ebitda": "13356000000",
          "netIncome": "9431000000"
      },
      {
          "fiscalDateEnding": "2018-12-31",
          "reportedCurrency": "USD",
          "grossProfit": "36936000000",
          "totalRevenue": "79591000000",
          "costOfRevenue": "42655000000",
          "costofGoodsAndServicesSold": "42655000000",
          "operatingIncome": "10838000000",
          "sellingGeneralAndAdministrative": "19366000000",
          "researchAndDevelopment": "5379000000",
          "operatingExpenses": "26098000000",
          "investmentIncomeNet": "None",
          "netInterestIncome": "-723000000",
          "interestIncome": "264000000",
          "interestExpense": "723000000",
          "nonInterestIncome": "None",
          "otherNonOperatingIncome": "-1152000000",
          "depreciation": "3127000000",
          "depreciationAndAmortization": "1353000000",
          "incomeBeforeTax": "11347000000",
          "incomeTaxExpense": "2619000000",
          "interestAndDebtExpense": "723000000",
          "netIncomeFromContinuingOperations": "8723000000",
          "comprehensiveIncomeNetOfTax": "8252000000",
          "ebit": "12070000000",
          "ebitda": "13423000000",
          "netIncome": "8728000000"
      },
      {
          "fiscalDateEnding": "2017-12-31",
          "reportedCurrency": "USD",
          "grossProfit": "36943000000",
          "totalRevenue": "79139000000",
          "costOfRevenue": "42196000000",
          "costofGoodsAndServicesSold": "41703000000",
          "operatingIncome": "8813000000",
          "sellingGeneralAndAdministrative": "19680000000",
          "researchAndDevelopment": "5590000000",
          "operatingExpenses": "27414000000",
          "investmentIncomeNet": "None",
          "netInterestIncome": "-615000000",
          "interestIncome": "144000000",
          "interestExpense": "615000000",
          "nonInterestIncome": "None",
          "otherNonOperatingIncome": "216000000",
          "depreciation": "3021000000",
          "depreciationAndAmortization": "1520000000",
          "incomeBeforeTax": "11395000000",
          "incomeTaxExpense": "5642000000",
          "interestAndDebtExpense": "615000000",
          "netIncomeFromContinuingOperations": "5758000000",
          "comprehensiveIncomeNetOfTax": "8559000000",
          "ebit": "12010000000",
          "ebitda": "13530000000",
          "netIncome": "5753000000"
      }
  ],
  "quarterlyReports": [
      {
          "fiscalDateEnding": "2021-12-31",
          "reportedCurrency": "USD",
          "grossProfit": "6107000000",
          "totalRevenue": "3257000000",
          "costOfRevenue": "-2849000000",
          "costofGoodsAndServicesSold": "89000000",
          "operatingIncome": "913000000",
          "sellingGeneralAndAdministrative": "3377000000",
          "researchAndDevelopment": "1581000000",
          "operatingExpenses": "5194000000",
          "investmentIncomeNet": "None",
          "netInterestIncome": "-303000000",
          "interestIncome": "13000000",
          "interestExpense": "303000000",
          "nonInterestIncome": "None",
          "otherNonOperatingIncome": "38000000",
          "depreciation": "749000000",
          "depreciationAndAmortization": "632000000",
          "incomeBeforeTax": "2092000000",
          "incomeTaxExpense": "-241000000",
          "interestAndDebtExpense": "303000000",
          "netIncomeFromContinuingOperations": "1301000000",
          "comprehensiveIncomeNetOfTax": "5853000000",
          "ebit": "2395000000",
          "ebitda": "3027000000",
          "netIncome": "2333000000"
      },
      {
          "fiscalDateEnding": "2021-09-30",
          "reportedCurrency": "USD",
          "grossProfit": "8171000000",
          "totalRevenue": "17618000000",
          "costOfRevenue": "9447000000",
          "costofGoodsAndServicesSold": "49000000",
          "operatingIncome": "1761000000",
          "sellingGeneralAndAdministrative": "4860000000",
          "researchAndDevelopment": "1621000000",
          "operatingExpenses": "6410000000",
          "investmentIncomeNet": "None",
          "netInterestIncome": "-291000000",
          "interestIncome": "14000000",
          "interestExpense": "291000000",
          "nonInterestIncome": "None",
          "otherNonOperatingIncome": "-234000000",
          "depreciation": "1037000000",
          "depreciationAndAmortization": "647000000",
          "incomeBeforeTax": "1318000000",
          "incomeTaxExpense": "188000000",
          "interestAndDebtExpense": "291000000",
          "netIncomeFromContinuingOperations": "1130000000",
          "comprehensiveIncomeNetOfTax": "1480000000",
          "ebit": "1609000000",
          "ebitda": "2256000000",
          "netIncome": "1130000000"
      },
      {
          "fiscalDateEnding": "2021-06-30",
          "reportedCurrency": "USD",
          "grossProfit": "9004000000",
          "totalRevenue": "18745000000",
          "costOfRevenue": "9741000000",
          "costofGoodsAndServicesSold": "103000000",
          "operatingIncome": "2304000000",
          "sellingGeneralAndAdministrative": "5334000000",
          "researchAndDevelopment": "1657000000",
          "operatingExpenses": "6700000000",
          "investmentIncomeNet": "None",
          "netInterestIncome": "-281000000",
          "interestIncome": "11000000",
          "interestExpense": "281000000",
          "nonInterestIncome": "None",
          "otherNonOperatingIncome": "-315000000",
          "depreciation": "1050000000",
          "depreciationAndAmortization": "630000000",
          "incomeBeforeTax": "1552000000",
          "incomeTaxExpense": "227000000",
          "interestAndDebtExpense": "281000000",
          "netIncomeFromContinuingOperations": "1325000000",
          "comprehensiveIncomeNetOfTax": "1930000000",
          "ebit": "1833000000",
          "ebitda": "2463000000",
          "netIncome": "1325000000"
      },
      {
          "fiscalDateEnding": "2021-03-31",
          "reportedCurrency": "USD",
          "grossProfit": "8204000000",
          "totalRevenue": "17730000000",
          "costOfRevenue": "9525000000",
          "costofGoodsAndServicesSold": "59000000",
          "operatingIncome": "1084000000",
          "sellingGeneralAndAdministrative": "5174000000",
          "researchAndDevelopment": "1630000000",
          "operatingExpenses": "7120000000",
          "investmentIncomeNet": "None",
          "netInterestIncome": "-280000000",
          "interestIncome": "14000000",
          "interestExpense": "280000000",
          "nonInterestIncome": "None",
          "otherNonOperatingIncome": "-362000000",
          "depreciation": "1052000000",
          "depreciationAndAmortization": "620000000",
          "incomeBeforeTax": "904000000",
          "incomeTaxExpense": "-51000000",
          "interestAndDebtExpense": "280000000",
          "netIncomeFromContinuingOperations": "956000000",
          "comprehensiveIncomeNetOfTax": "2036000000",
          "ebit": "1184000000",
          "ebitda": "1804000000",
          "netIncome": "955000000"
      },
      {
          "fiscalDateEnding": "2020-12-31",
          "reportedCurrency": "USD",
          "grossProfit": "10523000000",
          "totalRevenue": "20367000000",
          "costOfRevenue": "9844000000",
          "costofGoodsAndServicesSold": "181000000",
          "operatingIncome": "-4000000000",
          "sellingGeneralAndAdministrative": "7233000000",
          "researchAndDevelopment": "1611000000",
          "operatingExpenses": "2000000000",
          "investmentIncomeNet": "None",
          "netInterestIncome": "-317000000",
          "interestIncome": "15000000",
          "interestExpense": "317000000",
          "nonInterestIncome": "None",
          "otherNonOperatingIncome": "-247000000",
          "depreciation": "1089000000",
          "depreciationAndAmortization": "610000000",
          "incomeBeforeTax": "1380000000",
          "incomeTaxExpense": "24000000",
          "interestAndDebtExpense": "317000000",
          "netIncomeFromContinuingOperations": "1264000000",
          "comprehensiveIncomeNetOfTax": "603000000",
          "ebit": "1697000000",
          "ebitda": "2307000000",
          "netIncome": "1356000000"
      },
      {
          "fiscalDateEnding": "2020-09-30",
          "reportedCurrency": "USD",
          "grossProfit": "8430000000",
          "totalRevenue": "17560000000",
          "costOfRevenue": "9130000000",
          "costofGoodsAndServicesSold": "64000000",
          "operatingIncome": "2358000000",
          "sellingGeneralAndAdministrative": "4647000000",
          "researchAndDevelopment": "1515000000",
          "operatingExpenses": "6072000000",
          "investmentIncomeNet": "None",
          "netInterestIncome": "-323000000",
          "interestIncome": "15000000",
          "interestExpense": "323000000",
          "nonInterestIncome": "None",
          "otherNonOperatingIncome": "-253000000",
          "depreciation": "1070000000",
          "depreciationAndAmortization": "613000000",
          "incomeBeforeTax": "1826000000",
          "incomeTaxExpense": "128000000",
          "interestAndDebtExpense": "323000000",
          "netIncomeFromContinuingOperations": "1698000000",
          "comprehensiveIncomeNetOfTax": "1870000000",
          "ebit": "2149000000",
          "ebitda": "2762000000",
          "netIncome": "1698000000"
      },
      {
          "fiscalDateEnding": "2020-06-30",
          "reportedCurrency": "USD",
          "grossProfit": "8700000000",
          "totalRevenue": "18123000000",
          "costOfRevenue": "9423000000",
          "costofGoodsAndServicesSold": "117000000",
          "operatingIncome": "2121000000",
          "sellingGeneralAndAdministrative": "5248000000",
          "researchAndDevelopment": "1582000000",
          "operatingExpenses": "6579000000",
          "investmentIncomeNet": "None",
          "netInterestIncome": "-323000000",
          "interestIncome": "23000000",
          "interestExpense": "323000000",
          "nonInterestIncome": "None",
          "otherNonOperatingIncome": "-179000000",
          "depreciation": "1056000000",
          "depreciationAndAmortization": "623000000",
          "incomeBeforeTax": "1570000000",
          "incomeTaxExpense": "209000000",
          "interestAndDebtExpense": "323000000",
          "netIncomeFromContinuingOperations": "1362000000",
          "comprehensiveIncomeNetOfTax": "1888000000",
          "ebit": "1893000000",
          "ebitda": "2516000000",
          "netIncome": "1361000000"
      },
      {
          "fiscalDateEnding": "2020-03-31",
          "reportedCurrency": "USD",
          "grossProfit": "7922000000",
          "totalRevenue": "17571000000",
          "costOfRevenue": "9649000000",
          "costofGoodsAndServicesSold": "76000000",
          "operatingIncome": "-145000000",
          "sellingGeneralAndAdministrative": "5955000000",
          "researchAndDevelopment": "1625000000",
          "operatingExpenses": "8067000000",
          "investmentIncomeNet": "None",
          "netInterestIncome": "-326000000",
          "interestIncome": "51000000",
          "interestExpense": "326000000",
          "nonInterestIncome": "None",
          "otherNonOperatingIncome": "-182000000",
          "depreciation": "1012000000",
          "depreciationAndAmortization": "622000000",
          "incomeBeforeTax": "-51000000",
          "incomeTaxExpense": "-1226000000",
          "interestAndDebtExpense": "326000000",
          "netIncomeFromContinuingOperations": "1176000000",
          "comprehensiveIncomeNetOfTax": "489000000",
          "ebit": "275000000",
          "ebitda": "897000000",
          "netIncome": "1175000000"
      },
      {
          "fiscalDateEnding": "2019-12-31",
          "reportedCurrency": "USD",
          "grossProfit": "11100000000",
          "totalRevenue": "21777000000",
          "costOfRevenue": "10677000000",
          "costofGoodsAndServicesSold": "387000000",
          "operatingIncome": "4048000000",
          "sellingGeneralAndAdministrative": "5433000000",
          "researchAndDevelopment": "1596000000",
          "operatingExpenses": "7052000000",
          "investmentIncomeNet": "None",
          "netInterestIncome": "-354000000",
          "interestIncome": "48000000",
          "interestExpense": "354000000",
          "nonInterestIncome": "None",
          "otherNonOperatingIncome": "None",
          "depreciation": "1021000000",
          "depreciationAndAmortization": "629000000",
          "incomeBeforeTax": "3994000000",
          "incomeTaxExpense": "324000000",
          "interestAndDebtExpense": "354000000",
          "netIncomeFromContinuingOperations": "3669000000",
          "comprehensiveIncomeNetOfTax": "4159000000",
          "ebit": "4348000000",
          "ebitda": "4977000000",
          "netIncome": "3670000000"
      },
      {
          "fiscalDateEnding": "2019-09-30",
          "reportedCurrency": "USD",
          "grossProfit": "8336000000",
          "totalRevenue": "18028000000",
          "costOfRevenue": "9692000000",
          "costofGoodsAndServicesSold": "75000000",
          "operatingIncome": "1872000000",
          "sellingGeneralAndAdministrative": "5024000000",
          "researchAndDevelopment": "1553000000",
          "operatingExpenses": "6464000000",
          "investmentIncomeNet": "None",
          "netInterestIncome": "-432000000",
          "interestIncome": "63000000",
          "interestExpense": "432000000",
          "nonInterestIncome": "None",
          "otherNonOperatingIncome": "None",
          "depreciation": "1058000000",
          "depreciationAndAmortization": "611000000",
          "incomeBeforeTax": "1521000000",
          "incomeTaxExpense": "-151000000",
          "interestAndDebtExpense": "432000000",
          "netIncomeFromContinuingOperations": "1673000000",
          "comprehensiveIncomeNetOfTax": "1427000000",
          "ebit": "1953000000",
          "ebitda": "2564000000",
          "netIncome": "1672000000"
      },
      {
          "fiscalDateEnding": "2019-06-30",
          "reportedCurrency": "USD",
          "grossProfit": "9010000000",
          "totalRevenue": "19161000000",
          "costOfRevenue": "10151000000",
          "costofGoodsAndServicesSold": "74000000",
          "operatingIncome": "1950000000",
          "sellingGeneralAndAdministrative": "5456000000",
          "researchAndDevelopment": "1407000000",
          "operatingExpenses": "7060000000",
          "investmentIncomeNet": "None",
          "netInterestIncome": "-348000000",
          "interestIncome": "167000000",
          "interestExpense": "348000000",
          "nonInterestIncome": "None",
          "otherNonOperatingIncome": "None",
          "depreciation": "987000000",
          "depreciationAndAmortization": "307000000",
          "incomeBeforeTax": "2767000000",
          "incomeTaxExpense": "269000000",
          "interestAndDebtExpense": "348000000",
          "netIncomeFromContinuingOperations": "2499000000",
          "comprehensiveIncomeNetOfTax": "2839000000",
          "ebit": "3115000000",
          "ebitda": "3422000000",
          "netIncome": "2498000000"
      },
      {
          "fiscalDateEnding": "2019-03-31",
          "reportedCurrency": "USD",
          "grossProfit": "8043000000",
          "totalRevenue": "18182000000",
          "costOfRevenue": "10139000000",
          "costofGoodsAndServicesSold": "55000000",
          "operatingIncome": "1616000000",
          "sellingGeneralAndAdministrative": "4691000000",
          "researchAndDevelopment": "1433000000",
          "operatingExpenses": "6427000000",
          "investmentIncomeNet": "None",
          "netInterestIncome": "-210000000",
          "interestIncome": "70000000",
          "interestExpense": "210000000",
          "nonInterestIncome": "None",
          "otherNonOperatingIncome": "73000000",
          "depreciation": "1143000000",
          "depreciationAndAmortization": "303000000",
          "incomeBeforeTax": "1880000000",
          "incomeTaxExpense": "289000000",
          "interestAndDebtExpense": "210000000",
          "netIncomeFromContinuingOperations": "1593000000",
          "comprehensiveIncomeNetOfTax": "1899000000",
          "ebit": "2090000000",
          "ebitda": "2393000000",
          "netIncome": "1591000000"
      },
      {
          "fiscalDateEnding": "2018-12-31",
          "reportedCurrency": "USD",
          "grossProfit": "10687000000",
          "totalRevenue": "21761000000",
          "costOfRevenue": "11073000000",
          "costofGoodsAndServicesSold": "11073000000",
          "operatingIncome": "4306000000",
          "sellingGeneralAndAdministrative": "4701000000",
          "researchAndDevelopment": "1358000000",
          "operatingExpenses": "6381000000",
          "investmentIncomeNet": "None",
          "netInterestIncome": "-193000000",
          "interestIncome": "None",
          "interestExpense": "193000000",
          "nonInterestIncome": "None",
          "otherNonOperatingIncome": "-184000000",
          "depreciation": "790000000",
          "depreciationAndAmortization": "322000000",
          "incomeBeforeTax": "4432000000",
          "incomeTaxExpense": "2481000000",
          "interestAndDebtExpense": "193000000",
          "netIncomeFromContinuingOperations": "1953000000",
          "comprehensiveIncomeNetOfTax": "282000000",
          "ebit": "4625000000",
          "ebitda": "4947000000",
          "netIncome": "1951000000"
      },
      {
          "fiscalDateEnding": "2018-09-30",
          "reportedCurrency": "USD",
          "grossProfit": "8803000000",
          "totalRevenue": "18756000000",
          "costOfRevenue": "9953000000",
          "costofGoodsAndServicesSold": "9953000000",
          "operatingIncome": "2840000000",
          "sellingGeneralAndAdministrative": "4363000000",
          "researchAndDevelopment": "1252000000",
          "operatingExpenses": "5963000000",
          "investmentIncomeNet": "None",
          "netInterestIncome": "-191000000",
          "interestIncome": "None",
          "interestExpense": "191000000",
          "nonInterestIncome": "None",
          "otherNonOperatingIncome": "-275000000",
          "depreciation": "790000000",
          "depreciationAndAmortization": "348000000",
          "incomeBeforeTax": "2998000000",
          "incomeTaxExpense": "304000000",
          "interestAndDebtExpense": "191000000",
          "netIncomeFromContinuingOperations": "2692000000",
          "comprehensiveIncomeNetOfTax": "3164000000",
          "ebit": "3189000000",
          "ebitda": "3537000000",
          "netIncome": "2694000000"
      },
      {
          "fiscalDateEnding": "2018-06-30",
          "reportedCurrency": "USD",
          "grossProfit": "9199000000",
          "totalRevenue": "20003000000",
          "costOfRevenue": "10804000000",
          "costofGoodsAndServicesSold": "10804000000",
          "operatingIncome": "2636000000",
          "sellingGeneralAndAdministrative": "4857000000",
          "researchAndDevelopment": "1364000000",
          "operatingExpenses": "6563000000",
          "investmentIncomeNet": "None",
          "netInterestIncome": "-173000000",
          "interestIncome": "None",
          "interestExpense": "173000000",
          "nonInterestIncome": "None",
          "otherNonOperatingIncome": "-280000000",
          "depreciation": "773000000",
          "depreciationAndAmortization": "342000000",
          "incomeBeforeTax": "2777000000",
          "incomeTaxExpense": "373000000",
          "interestAndDebtExpense": "173000000",
          "netIncomeFromContinuingOperations": "2402000000",
          "comprehensiveIncomeNetOfTax": "2697000000",
          "ebit": "2950000000",
          "ebitda": "3292000000",
          "netIncome": "2404000000"
      },
      {
          "fiscalDateEnding": "2018-03-31",
          "reportedCurrency": "USD",
          "grossProfit": "8247000000",
          "totalRevenue": "19072000000",
          "costOfRevenue": "10825000000",
          "costofGoodsAndServicesSold": "10825000000",
          "operatingIncome": "1057000000",
          "sellingGeneralAndAdministrative": "5445000000",
          "researchAndDevelopment": "1405000000",
          "operatingExpenses": "7190000000",
          "investmentIncomeNet": "None",
          "netInterestIncome": "-165000000",
          "interestIncome": "None",
          "interestExpense": "165000000",
          "nonInterestIncome": "None",
          "otherNonOperatingIncome": "-413000000",
          "depreciation": "774000000",
          "depreciationAndAmortization": "340000000",
          "incomeBeforeTax": "1139000000",
          "incomeTaxExpense": "-540000000",
          "interestAndDebtExpense": "165000000",
          "netIncomeFromContinuingOperations": "1675000000",
          "comprehensiveIncomeNetOfTax": "2109000000",
          "ebit": "1304000000",
          "ebitda": "1644000000",
          "netIncome": "1679000000"
      },
      {
          "fiscalDateEnding": "2017-12-31",
          "reportedCurrency": "USD",
          "grossProfit": "11049000000",
          "totalRevenue": "22542000000",
          "costOfRevenue": "11493000000",
          "costofGoodsAndServicesSold": "11362000000",
          "operatingIncome": "3928000000",
          "sellingGeneralAndAdministrative": "5014000000",
          "researchAndDevelopment": "1378000000",
          "operatingExpenses": "6934000000",
          "investmentIncomeNet": "None",
          "netInterestIncome": "-164000000",
          "interestIncome": "None",
          "interestExpense": "164000000",
          "nonInterestIncome": "None",
          "otherNonOperatingIncome": "-2000000",
          "depreciation": "790000000",
          "depreciationAndAmortization": "359000000",
          "incomeBeforeTax": "4468000000",
          "incomeTaxExpense": "5522000000",
          "interestAndDebtExpense": "164000000",
          "netIncomeFromContinuingOperations": "-1053000000",
          "comprehensiveIncomeNetOfTax": "-125000000",
          "ebit": "4632000000",
          "ebitda": "4991000000",
          "netIncome": "-1054000000"
      },
      {
          "fiscalDateEnding": "2017-09-30",
          "reportedCurrency": "USD",
          "grossProfit": "8981000000",
          "totalRevenue": "19153000000",
          "costOfRevenue": "10172000000",
          "costofGoodsAndServicesSold": "10031000000",
          "operatingIncome": "2427000000",
          "sellingGeneralAndAdministrative": "4606000000",
          "researchAndDevelopment": "1291000000",
          "operatingExpenses": "6373000000",
          "investmentIncomeNet": "None",
          "netInterestIncome": "-168000000",
          "interestIncome": "None",
          "interestExpense": "168000000",
          "nonInterestIncome": "None",
          "otherNonOperatingIncome": "114000000",
          "depreciation": "792000000",
          "depreciationAndAmortization": "383000000",
          "incomeBeforeTax": "3065000000",
          "incomeTaxExpense": "339000000",
          "interestAndDebtExpense": "168000000",
          "netIncomeFromContinuingOperations": "2726000000",
          "comprehensiveIncomeNetOfTax": "3394000000",
          "ebit": "3233000000",
          "ebitda": "3616000000",
          "netIncome": "2726000000"
      },
      {
          "fiscalDateEnding": "2017-06-30",
          "reportedCurrency": "USD",
          "grossProfit": "8968000000",
          "totalRevenue": "19289000000",
          "costOfRevenue": "10321000000",
          "costofGoodsAndServicesSold": "10207000000",
          "operatingIncome": "1762000000",
          "sellingGeneralAndAdministrative": "5033000000",
          "researchAndDevelopment": "1436000000",
          "operatingExpenses": "7032000000",
          "investmentIncomeNet": "None",
          "netInterestIncome": "-147000000",
          "interestIncome": "None",
          "interestExpense": "147000000",
          "nonInterestIncome": "None",
          "otherNonOperatingIncome": "76000000",
          "depreciation": "730000000",
          "depreciationAndAmortization": "388000000",
          "incomeBeforeTax": "2442000000",
          "incomeTaxExpense": "111000000",
          "interestAndDebtExpense": "147000000",
          "netIncomeFromContinuingOperations": "2332000000",
          "comprehensiveIncomeNetOfTax": "2852000000",
          "ebit": "2589000000",
          "ebitda": "2977000000",
          "netIncome": "2331000000"
      },
      {
          "fiscalDateEnding": "2017-03-31",
          "reportedCurrency": "USD",
          "grossProfit": "7944000000",
          "totalRevenue": "18155000000",
          "costOfRevenue": "10211000000",
          "costofGoodsAndServicesSold": "10104000000",
          "operatingIncome": "697000000",
          "sellingGeneralAndAdministrative": "5027000000",
          "researchAndDevelopment": "1484000000",
          "operatingExpenses": "7075000000",
          "investmentIncomeNet": "None",
          "netInterestIncome": "-135000000",
          "interestIncome": "None",
          "interestExpense": "135000000",
          "nonInterestIncome": "None",
          "otherNonOperatingIncome": "28000000",
          "depreciation": "709000000",
          "depreciationAndAmortization": "390000000",
          "incomeBeforeTax": "1421000000",
          "incomeTaxExpense": "-329000000",
          "interestAndDebtExpense": "135000000",
          "netIncomeFromContinuingOperations": "1753000000",
          "comprehensiveIncomeNetOfTax": "2438000000",
          "ebit": "1556000000",
          "ebitda": "1946000000",
          "netIncome": "1750000000"
      }
  ]
}